<?xml version="1.0" encoding="UTF-8"?><record xmlns="http://www.loc.gov/MARC21/slim" xmlns:cinclude="http://apache.org/cocoon/include/1.0" xmlns:zs="http://www.loc.gov/zing/srw/">
  <leader>00353nz  a2200121n  4500</leader>
  <controlfield tag="001">n 2014012342</controlfield>
  <controlfield tag="003">DLC</controlfield>
  <controlfield tag="005">20140310144957.0</controlfield>
  <controlfield tag="008">140310n| azannaabn          |n aaa      </controlfield>
  <datafield tag="010" ind1=" " ind2=" ">
    <subfield code="a">n 2014012342</subfield>
  </datafield>
  <datafield tag="040" ind1=" " ind2=" ">
    <subfield code="a">DLC</subfield>
    <subfield code="b">eng</subfield>
    <subfield code="c">DLC</subfield>
    <subfield code="e">rda</subfield>
  </datafield>
  <datafield tag="100" ind1="1" ind2=" ">
    <subfield code="a">Ridge, Natasha</subfield>
  </datafield>
  <datafield tag="670" ind1=" " ind2=" ">
    <subfield code="a">Education and the reverse gender divide in the Gulf States, 2014:</subfield>
    <subfield code="b">ECIP t.p. (Natasha Ridge)</subfield>
  </datafield>
</record>